@Book{		  Test2001,
  author	= "Gerd Kock",
  title		= "{Spezifikation und Verifikation von
		  Optimierungsalgorithmen}",
  publisher	= "Oldenbourg",
  address	= "Munchen",
  series	= "{GMD Berichte}",
  volume	= 201,
  school	= "Universitet Karlsruhe",
  year		= "1992"
}

@MastersThesis{Engel2006,
        author = {Christian Engel},
        title = {Verification Based Test Case Generation},
        school = {{U}niversit\"{a}t {K}arlsruhe},
        year = {2006},
        month = {aug},
}

@Book{KeYBook2007,
   editor =        {Bernhard Beckert and Reiner H\"ahnle and Peter H. Schmitt},
   title =         {Verification of Object-Oriented Software: The {KeY} Approach},
   series        = {LNCS 4334},
   publisher     = {Springer},
   year          = {2007}
}

@Book{SoftwareEngineering9,
   author =        {Ian Sommerville},
   title =         {Software Engineering},
   edition        = {9th},
   publisher     = {Pearson International},
   year          = {2011}
}

@Book{TestPatterns2007,
   author =        {Gerard Meszaros},
   title =         {xUnit Test Patterns},
   series        = {Addison-Wesley Signature Series},
   publisher     = {Addison-Wesley},
   year          = {2007}
}

@InProceedings{EngelHaehnle07,
  author = 	 {Christian Engel and Reiner H\"{a}hnle},
  title = 	 {Generating Unit Tests from Formal Proofs},
  booktitle =	 {Proc.\ Tests and Proofs (TAP), Z\"{u}rich, Switzerland},
  year =	 {to appear, 2007},
  editor =	 {Bertrand Meyer and Yuri Gurevich},
  series =	 lncs,
  publisher =	 spv
}

@InProceedings{Paganelli2010,
  author = 	 {Gabriele Paganelli, Wolfgang Ahrendt},
  title = 	 {Verification Driven Test Generator},
  booktitle =	 {Publications of the CHARTER project},
  year =	 {2010}
}

@InProceedings{BeckertGladisch2007,
  author =       {Bernhard Beckert and Christoph Gladisch},
  title =        {White-box Testing by Combining Deduction-based
                  Specification Extraction and Black-box Testing},
  booktitle =    {Proc.\ Tests and Proofs, Z\"urich, Switzerland},
  editor =       {Bertrand Meyer and Yuri Gurevich},
  publisher =    {Springer-Verlag},
  series =       {LNCS},
  year =         {to appear, 2007}
}

@InProceedings{Beckert01,
  author =       {Bernhard Beckert},
  title =        {A {Dynamic Logic} for the Formal Verification of
		  {Java} {Card} Programs},
  booktitle =    {Java on Smart Cards: Programming and
		  Security. Revised Papers, Java Card 2000,
		  International Workshop, Cannes, France},
  editor =       {I. Attali and T. Jensen},
  pages =        {6--24},		
  publisher =    {Springer},
  series =       {LNCS 2041},		
  year =         {2001}	
}

@Manual{JML-Ref-Manual,
  title = 	 {JML Reference Manual. {D}raft Revision 1.200},
  author =	 {Gary T. Leavens and Erik Poll and Curtis Clifton and
               Yoonsik Cheon and Clyde Ruby and David Cok and Peter M\"{u}ller
                  and Joseph Kiniry and Patrice Chalin},
  month =	 feb,
  year =	 {2007},
  url = {http://www.eecs.ucf.edu/~leavens/JML//index.shtml}
}



%%---------------------------------------------------------



%%---------------------------------------------------------



%%---------------------------------------------------------



%%---------------------------------------------------------



%%---------------------------------------------------------




