@InProceedings{MLH07,
  author =       {Oleg M\"{u}rk and Daniel Larsson and Reiner H\"{a}hnle},
  title =        {{KeY-C}: A Tool for Verification of {C} Programs},
  booktitle =    {Proc. 21st Conference on Automated
                  Deduction (CADE), Bremen, Germany},
  year =         {2007},
  editor =       {Frank Pfenning},
  series =       {LNCS},
  volume = {4603},
  pages = {385--390},
  publisher =    {Springer-Verlag}
}

@article{KeY2005, 
  author        = {Wolfgang Ahrendt and Thomas Baar and 
                   Bernhard Beckert and Richard Bubel and 
                   Martin Giese and Reiner H\"ahnle and 
                   Wolfram Menzel and Wojciech Mostowski and 
                   Andreas Roth and Steffen Schlager and 
                   Peter H. Schmitt}, 
  title         = {The {KeY} Tool}, 
  journal       = {Software and System Modeling},   
  volume        = {4},
  pages         = {32-54},
  year          = {2005}, 
  doi           = {http://springerlink.metapress.com/openurl.asp?genre=article&id=doi:10.1007/s10270-004-0058-x},
  publisher     = {Springer}
}

@InProceedings{Beckert01,
  author =       {Bernhard Beckert},
  title =        {A {Dynamic Logic} for the Formal Verification of
		  {Java} {Card} Programs},
  booktitle =    {Java on Smart Cards: Programming and
		  Security. Revised Papers, Java Card 2000,
		  International Workshop, Cannes, France},
  editor =       {I. Attali and T. Jensen},
  pages =        {6--24},		
  publisher =    {Springer},
  series =       {LNCS 2041},		
  year =         {2001}	
}

@InProceedings{EngelHaehnle07,
  	author 		= 	 {Christian Engel and Reiner H\"{a}hnle},
  	title 		= 	 {Generating Unit Tests from Formal Proofs},
  	booktitle 	=	 {Proc.\ Tests and Proofs (TAP), Z\"{u}rich, Switzerland},
  	year 		=	 {to appear, 2007},
  	editor 		=	 {Bertrand Meyer and Yuri Gurevich},
  	series 		=	 lncs,
  	publisher 	=	 spv
}

@misc{JMLwebsite,
      author = "The JML community",
      title = "{JML} home page",
      month = "",
      year = "",
      howpublished = "\url{http://www.eecs.ucf.edu/{\~}leavens/JML/index.shtml}"
}

@InProceedings{Paganelli2010,
  author = 	 {Gabriele Paganelli, Wolfgang Ahrendt},
  title = 	 {Verification Driven Test Generator},
  booktitle =	 {Publications of the CHARTER project},
  year =	 {2010}
}
